@book{kurose09,
  address = "USA",
  author = "James F. Kurose and Keith W. Ross",
  edition = "5th",
  publisher = "Addison-Wesley Publishing Company",
  title = "Computer Networking: A Top-Down Approach",
  year = 2009
}

@incollection{massip10,
	author = "David Masip and Juli{\`a} Minguill{\'o}n and Enric Mor",
	title = "Capturing and Analyzing Student Behavior in a Virtual Learning Environment: A Case Study on Usage of Library Resources",
  editor = "Cristobal Romero and Sebastian Ventura and Mykola Pechenizkiy and Ryan Baker",
	booktitle = "Handbook of Educational Data Mining",
	year = "2010",
	publisher = "CRC Press",
	place = "Boca Raton, Florida"
}

@misc{spedicato14,
	author = "Giorgio Alfredo Spedicato and Mirko Signorelli",
	title = "The markovchain Package: A Package for Easily Handling Discrete Markov Chains",
	year = 2014
}

@manual{rteam14,
    title = {R: A Language and Environment for Statistical Computing},
    author = {{R Core Team}},
    organization = {R Foundation for Statistical Computing},
    address = {Vienna, Austria},
    year = {2014},
    url = {http://www.R-project.org/},
  }
  
@book{silverman86,
	author = "Bernard W. Silverman",
	title = "Density Estimation for Statistics and Data Analysis",
	year = "1986",
	publisher = "Chapman and Hall",
	place = "London, UK"
}

@article{cleveland79,
  AUTHOR = "William S. Cleveland",
  TITLE = "Robust locally weighted regression and smoothing scatterplots",
  YEAR = "1979",
  JOURNAL = "Journal of the American Statistical Association",
  VOLUME = "74",
  PAGES = "829--83"
}

@inproceedings{macqueen67,
    author = {J. Macqueen},
    title = {Some methods for classification and analysis of multivariate observations},
    booktitle = {5-th Berkeley Symposium on Mathematical Statistics and Probability},
    year = {1967},
    pages = {281--297}
}

@techreport{lloyd57,
	author = "Lloyd, S. P.", 
	title = "Least squares quantization in PCM", 
	year = 1957, 
	institution = "Bell Laboratories"
}

@book{hastie09,
  author = "Trevor Hastie, Robert Tibshirani and Jerome Friedman",
  edition = 2,
  publisher = {Springer},
  title = {The elements of statistical learning: data mining, inference and prediction},
  year = 2009
}

@book{russell09,
  author = {S. J. Russell and P. Norvig},
  publisher = {Prentice Hall},
  title = {{Artificial Intelligence: A Modern Approach}},
  year = {2009},
  edition = {3rd}
}

@book{norris98,
  author = {Norris, James R.},
  publisher = {Cambridge University Press},
  title = {Markov Chains},
  year = 1998
}

@article{codd70,
 author = {Codd, E. F.},
 title = {A Relational Model of Data for Large Shared Data Banks},
 journal = {Commun. ACM},
 issue_date = {June 1970},
 volume = {13},
 number = {6},
 month = jun,
 year = {1970},
 pages = {377--387},
 publisher = {ACM},
 address = {New York, NY, USA}
} 

@article{viterbi67, 
  author={Viterbi, A.J.}, 
  journal={Information Theory, IEEE Transactions on}, 
  title={Error bounds for convolutional codes and an asymptotically optimum decoding algorithm}, 
  year={1967}, 
  month={April}, 
  volume={13}, 
  number={2}, 
  pages={260-269}, 
}

@manual{himmelmann10,
    title = {HMM: HMM - Hidden Markov Models},
    author = {Scientific Software Development - Dr. Lin Himmelmann},
    year = {2010},
    note = {R package version 1.0},
    url = {http://CRAN.R-project.org/package=HMM},
  }
